<?xml version="1.0" encoding="UTF-8"?><collection xmlns="http://www.loc.gov/MARC21/slim"><record><leader>00515nam--2200193-i-4500</leader><controlfield tag="001">000018376</controlfield><controlfield tag="002">20161230</controlfield><controlfield tag="005">20161230201032</controlfield><controlfield tag="008">060222s1000------------r-----000-0-rus-d</controlfield><datafield ind1=" " ind2=" " tag="040"><subfield code="a">IFIN-HH</subfield></datafield><datafield ind1=" " ind2=" " tag="041"><subfield code="a">rus</subfield></datafield><datafield ind1=" " ind2=" " tag="080"><subfield code="a">537.591</subfield></datafield><datafield ind1="1" ind2=" " tag="100"><subfield code="a">Grigorov, N.L</subfield></datafield><datafield ind1="1" ind2="0" tag="245"><subfield code="a">Ceastiti bisokih energii v kosmiceskih luceah</subfield><subfield code="c">N.l. grigorov, i.d. rapoport, v.ia. sestoperov</subfield></datafield><datafield ind1=" " ind2=" " tag="260"><subfield code="a">Moakva</subfield><subfield code="b">Nauka</subfield><subfield code="c">1973</subfield></datafield><datafield ind1=" " ind2=" " tag="300"><subfield code="a">303P</subfield></datafield><datafield ind1="1" ind2=" " tag="700"><subfield code="a">Sestoperov, V.Ia</subfield></datafield><datafield ind1=" " ind2=" " tag="852"><subfield code="a">42315</subfield><subfield code="c">539.13</subfield></datafield><datafield ind1=" " ind2=" " tag="CAT"><subfield code="a">Sys</subfield><subfield code="c">20120227</subfield><subfield code="h">161259</subfield></datafield></record></collection>